<?xml version="1.0" encoding="UTF-8"?><collection xmlns="http://www.loc.gov/MARC21/slim"><record><leader>00435nam--2200169-i-4500</leader><controlfield tag="001">000040309</controlfield><controlfield tag="002">20161230</controlfield><controlfield tag="005">20161230201042</controlfield><controlfield tag="008">060222s1000------------r-----000-0-eng-d</controlfield><datafield ind1=" " ind2=" " tag="040"><subfield code="a">IFIN-HH</subfield></datafield><datafield ind1=" " ind2=" " tag="080"><subfield code="a">519.122</subfield></datafield><datafield ind1="1" ind2=" " tag="100"><subfield code="a">Rutherford, D.E</subfield></datafield><datafield ind1="1" ind2="0" tag="245"><subfield code="a">Substitutional analysis</subfield><subfield code="c">D.e. rutherford</subfield></datafield><datafield ind1=" " ind2=" " tag="260"><subfield code="a">Edinburg</subfield><subfield code="b">At The Universiry Press</subfield><subfield code="c">1948</subfield></datafield><datafield ind1=" " ind2=" " tag="300"><subfield code="a">XI + 102P</subfield></datafield><datafield ind1=" " ind2=" " tag="852"><subfield code="a">16807</subfield><subfield code="c">519.4</subfield></datafield><datafield ind1=" " ind2=" " tag="CAT"><subfield code="a">Sys</subfield><subfield code="c">20130809</subfield><subfield code="h">140225</subfield></datafield></record></collection>